@string{TCS = "Theoretical Computer Science"}
@string{ENTCS = "Electronic Notes on Theoretical Computer Science"}
@string{LNCS = "Lecture Notes in Computer Science"}
@string{LNAI = "Lecture Notes in Artificial Intelligence"}

@Article{Barker:continuations,
title={Continuations and the nature of quantification},
author={C. Barker},
pages={211--242},
journal={Natural Language Semantics},
year=2002,
volume=10}

@INPROCEEDINGS{Barker:CNL,
   AUTHOR = {C. Barker},
   TITLE = {Continuations in Natural Language},
   BOOKTITLE = {Proceedings of the Fourth ACM SIGPLAN Continuations Workshop},
   SERIES = {Technical Report CSR-04-1}, 
   ORGANIZATION = {School of Computer Science, University of Birmingham},
   EDITOR = {Hayo Thielecke},
   YEAR = {2004},
   PAGES = {1--11}
}

@INPROCEEDINGS{Shan:continuations,
   AUTHOR = {C.c. Shan},
   TITLE = {Delimited continuations in natural language: quantification and polarity sensitivity},
   BOOKTITLE = {Proceedings of the Fourth ACM SIGPLAN Continuations Workshop},
   SERIES = {Technical Report CSR-04-1},
   ORGANIZATION = {School of Computer Science, University of Birmingham},
   EDITOR = {Hayo Thielecke},
   YEAR = {2004},
   PAGES = {55--64
}
}

@article{Church:STT,
   author = {A. Church},
   journal = {Journal of Symbolic Logic},
   pages = {56--68},
   title = {A Formulation of the Simple Theory of Types},
   volume = {5},
   year = {1940}
}

@book{Barendregt,
   author = {H.P. Barendregt},
   edition = {revised},
   publisher = {North-Holland},
   title = {The lambda calculus, its syntax and semantics},
   year = {1984}
}
